<record><leader>00000cas a22000007a 4500</leader><controlfield tag="001">26083502</controlfield><controlfield tag="008">920625d18921987riudn ne      0    0eng d</controlfield><datafield ind1=" " ind2=" " tag="010"><subfield code="a">sn 92064132 </subfield></datafield><datafield ind1=" " ind2=" " tag="040"><subfield code="a">RHN</subfield><subfield code="b">eng</subfield><subfield code="c">RHN</subfield><subfield code="d">OCLCQ</subfield></datafield><datafield ind1=" " ind2=" " tag="042"><subfield code="a">msc</subfield></datafield><datafield ind1="0" ind2="0" tag="245"><subfield code="a">Pawtuxet Valley daily times.</subfield></datafield><datafield ind1=" " ind2=" " tag="260"><subfield code="a">Arctic, R.I. :</subfield><subfield code="b">Frank H. Campbell</subfield></datafield><datafield ind1=" " ind2=" " tag="300"><subfield code="a">v.</subfield></datafield><datafield ind1=" " ind2=" " tag="310"><subfield code="a">Daily (except Sunday and holidays)</subfield></datafield><datafield ind1="0" ind2=" " tag="362"><subfield code="a">Vol. 1, no. 1 (July 20, 1892)-v. 24, no. 154 (July 19, 1904) ; 13th year (July 20, 1904)-38th year (July 18, 1931) ; v. 40, no. 1 (July 20, 1931)-v. 95, no. 74 (Mar. 28, 1987).</subfield></datafield><datafield ind1=" " ind2="4" tag="651"><subfield code="a">Kent County (R.I.)</subfield><subfield code="v">Newspapers.</subfield></datafield><datafield ind1=" " ind2="4" tag="651"><subfield code="a">Cranston (R.I.)</subfield><subfield code="v">Newspapers.</subfield></datafield><datafield ind1=" " ind2="4" tag="651"><subfield code="a">Exeter (R.I. : Town)</subfield><subfield code="v">Newspapers.</subfield></datafield><datafield ind1=" " ind2="4" tag="651"><subfield code="a">Scituate (R.I. : Town)</subfield><subfield code="v">Newspapers.</subfield></datafield><datafield ind1=" " ind2="4" tag="651"><subfield code="a">Foster (R.I. : Town)</subfield><subfield code="v">Newspapers.</subfield></datafield><datafield ind1=" " ind2="4" tag="651"><subfield code="a">West Warwick (R.I. : Town)</subfield><subfield code="v">Newspapers.</subfield></datafield><datafield ind1=" " ind2=" " tag="752"><subfield code="a">United States</subfield><subfield code="b">Rhode Island</subfield><subfield code="c">Kent</subfield><subfield code="d">Arctic.</subfield></datafield><datafield ind1="0" ind2="0" tag="785"><subfield code="t">Kent County daily times</subfield><subfield code="w">(DLC)sn 92064133</subfield></datafield></record>